@misc{ ethereum,
   author = "Ethereum",
   year = "2017",
   howpublished = {\url{https://www.ethereum.org/}},
   note = "accessed June 3, 2017"
}
@misc{ heise-dao,
   author = "Axel Kannenberg",
   year = "2016",
   howpublished = {\url{https://www.heise.de/newsticker/meldung/Kryptowaehrung-Ethereum-Crowdfunding-Projekt-DAO-um-Millionen-beraubt-3240675.html}},
   note = "accessed June 20, 2017"
}
@misc{ blockgeeks,
   author = "Blockgeeks",
   year = "2017",
   howpublished = {\url{https://blockgeeks.com/guides/smart-contracts/}},
   note = "accessed June 20, 2017"
}
@misc{ wiki:ethereum,
   author = "Ethereum",
   year = "2017",
   howpublished = {\url{https://github.com/ethereum/wiki/wiki/White-Paper}},
   note = "accessed June 3, 2017"
}
@misc{ wiki:systemd,
   author = "ArchWiki",
   title = "{Systemd} --- {Arch Wiki}",
   year = "2017",
   howpublished = {\url{https://wiki.archlinux.org/index.php/systemd}},
   note = "accessed June 2, 2017"
}
@misc{ wiki:pacman,
   author = "ArchWiki",
   title = "{Pacman} --- {Arch Wiki}",
   year = "2017",
   howpublished = {\url{https://wiki.archlinux.org/index.php/Pacman}},
   note = "accessed June 1, 2017"
}
@misc{ wiki:aur-helper,
   author = "ArchWiki",
   title = "{AUR-helpers} --- {Arch Wiki}",
   year = "2017",
   howpublished = {\url{https://wiki.archlinux.org/index.php/AUR_helpers}},
   note = "accessed June 5, 2017"
}
@misc{ wiki:arch,
   author = "ArchWiki",
   title = "{Arch Linux} --- {Arch Wiki}",
   year = "2017",
   howpublished = {\url{https://wiki.archlinux.org/index.php/Arch_Linux}},
   note = "accessed June 1, 2017"
}
@misc{ wiki:AUR,
   author = "ArchWiki",
   title = "{Arch User Repository} --- {Arch Wiki}",
   year = "2017",
   howpublished = {\url{https://wiki.archlinux.org/index.php/Arch_User_Repository}},
   note = "accessed March 17, 2017"
}
@misc{ gh:aurutils,
   author = "Alad Wenter",
   title = "aurutils: {helper tools for the AUR}",
   year = "2016-2017",
   howpublished = {\url{https://github.com/AladW/aurutils}},
   note = "accessed March 18, 2017",
}
@misc{ wiki:PackageCreation,
   author = "ArchWiki",
   title = "Creating Packages --- {Arch Wiki}",
   year = "2017",
   howpublished = {\url{https://wiki.archlinux.org/index.php/Creating_packages}},
   note = "accessed March 18, 2017",
}
@misc{ wiki:PKGBUILD,
   author = "ArchWiki",
   title = "PKGBUILD --- {Arch Wiki}",
   year = "2017",
   howpublished = {\url{https://wiki.archlinux.org/index.php/PKGBUILD}},
   note = "accessed April 14, 2017",
}
@misc{ wiki:VCSPackages,
   author = "ArchWiki",
   title = "{VCS Package Guidelines} --- {Arch Wiki}",
   year = "2017",
   howpublished = {\url{https://wiki.archlinux.org/index.php/VCS_package_guidelines}},
   note = "accessed March 18, 2017",
}
@misc{ urwid,
   author = "urwid",
   title = "Urwid - Manual",
   year = "2017",
   howpublished = {\url{https://urwid.org/manual}},
   note = "accessed April 20, 2017",
}
@misc{ wiki:Firejail,
   author = "ArchWiki",
   title = "{Firejail} --- {Arch Wiki}",
   year = "2017",
   howpublished = {\url{https://wiki.archlinux.org/index.php/Firejail}},
   note = "accessed April 14, 2017",
}
@misc{ arch:stats,
   author = "ArchLinux",
   title = "{archlinux.de} --- {User Statistics}",
   year = "2017",
   howpublished = "{\url{https://www.archlinux.de/?page=UserStatistics}}",
   note = "accessed June 12, 2017"
}
@misc{ linuxsurvey,
   author = "/u/TyIzaeL",
   title = {Results of the 2015 /r/linux Distribution Survey},
   year = "2015",
   howpublished = "{\url{https://brashear.me/blog/2015/08/24/results-of-the-2015-slash-r-slash-linux-distribution-survey/}}",
   note = "accessed June 12, 2017"
}
@misc{ bauerbill,
   title = "{Bauerbill: Extension of Powerpill with AUR and ABS support}",
   year = "2015-2017",
   howpublished = {\url{http://www.xyne.archlinux.ca/projects/bauerbill/}},
   note = "accessed March 18, 2017",
}
@misc{ bash:pitfalls,
   title = "Bash Pitfalls",
   year  = "2012-2017",
   howpublished = {\url{http://mywiki.wooledge.org/BashPitfalls}},
   note = "accessed April 14, 2017"
}
@misc{ bash:shellcheck,
   title = "{Shellcheck, a static analysis tool for shell scripts}",
   year  = "2012-2017",
   howpublished = {\url{http://www.shellcheck.net/}},
   note = "accessed April 14, 2017"
}
@misc{ wiki:DAG,
   author = "Ethereum Wiki",
   title = "{Ethash-DAG} --- {Ethereum Wiki}",
   year = "2017",
   howpublished = {\url{https://github.com/ethereum/wiki/wiki/Ethash-DAG}},
   note = "accessed March 20, 2017"
}
@misc{rubygems:security,
   author = "Ruby Guides",
   title = "Security --- RubyGems Guides",
   year = "2017",
   howpublished = {\url{http://guides.rubygems.org/security/}},
   note = "accessed June 02, 2017"
}
@misc{npm:security,
   author = "github.com/Ginden",
   title = "Issue: Signed and certified packages in NPM",
   year = "2017",
   howpublished = {\url{https://github.com/node-forward/discussions/issues/29}},
   note = "accessed June 02, 2017"
}
@misc{pypi:security,
   author = "github.com/techtonik",
   title = "Issue: GPG signing - how does that really work with PyPI?",
   year = "2017",
   howpublished = {\url{https://github.com/pypa/twine/issues/157}},
   note = "accessed June 02, 2017"
}
@book{Salus:1994,
 author = {Salus, Peter H.},
 title = {A Quarter Century of UNIX},
 year = {1994},
 isbn = {0-201-54777-5},
 publisher = {ACM Press/Addison-Wesley Publishing Co.},
 address = {New York, NY, USA},
}

@report{Dahl:2007,
 author = {{Dahl, Heidi E.I, Hogganvik, Ida, St√∏len, Ketil}},
 title = {Structured Semantics for the CORAS Security Risk Modelling Language},
 year = {2007},
 publisher = {SINTEF}
}

@report{Stevens:2017,
 author = {{Stevens, Bursztein, Karpman, Albertini, Markov}},
 title = {{The first collision for full SHA-1}},
 year = {2017},
 publisher = {https://shattered.io},
 url = {https://shattered.io},
 note = {\url{https://shattered.io}}
}

@article{Underwood,
 author = {Underwood, Sarah},
 title = {Blockchain Beyond Bitcoin},
 journal = {Commun. ACM},
 issue_date = {November 2016},
 volume = {59},
 number = {11},
 month = oct,
 year = {2016},
 issn = {0001-0782},
 pages = {15--17},
 numpages = {3},
 url = {http://doi.acm.org/10.1145/2994581},
 doi = {10.1145/2994581},
 acmid = {2994581},
 publisher = {ACM},
 address = {New York, NY, USA},
}

@article{blockchain:eco,
 author = {The Economist},
 title = {The great chain of being sure about things},
 journal = {The Economist},
 month = oct,
 year = {2015},
 url = {http://www.economist.com/news/briefing/21677228-technology-behind-bitcoin-lets-people-who-do-not-know-or-trust-each-other-build-dependable},
 publisher = {The Economist Group Limited},
 address = {London, GB},
}

@article{bloomberg:eth,
 author = { Peter Coy and Olga Kharif},
 title = {This Is Your Company on Blockchain},
 journal = {Bloomberg},
 month = aug,
 year = {2016},
 url = {hthttps://www.bloomberg.com/news/articles/2017-06-10/google-execs-hunker-down-for-summer-fight-with-eu-as-fines-loom},
 publisher = {Bloomberg LP},
 address = {New York, NY, USA},
 note = "accessed June 12, 2017"
}

@ARTICLE{ecolex,
	author = {Christina Buchleitner, Thomas Rabl},
	title = {Blockchain und Smart Contracts},
	journal = {Ecolex},
	publisher = {MANZ},
	year = {2017},
	month = jan
}
